% Bibliography for DESIGN

%%%%%%%%%%%%%%%%%%%%%%%%%%%%%%%%%%%%%%%%%%%%%%%%%%%%%%%%%%%%%%%%%%%%%%%%%%%%%
%%
%S  Publishers  . . . . . . . . . . . . . . . .  abbreviations for publishers
%%
%%  The following strings are abbreviations for publishers, which are used in
%%  *books*, *inbook*, and *proceedings*.
%%
@string{ AcaPress   = "Academic Press"                                       }
@string{ ACM        = "ACM Press"                                            }
@string{ AddWes     = "Addison-Wesley"                                       }
@string{ AMS        = "American Mathematical Society"                        }
@string{ Birkhaeus  = "Birkh{\accent127 a}user, Basel"                       }
@string{ BIWissV    = "BI-Wis\-sen\-schafts\-ver\-lag, Mannheim"             }
@string{ CUP        = "Cambridge University Press"                           }
@string{ Dover      = "Dover Publications, New York"                         }
@string{ Gruyter    = "Walter de Gruyter, Berlin, New York"                  }
@string{ HDeutsch   = "Verlag Harri Deutsch, Frankfurt/Main"                 }
@string{ Macmillan  = "The Macmillan Company, New York"                      }
@string{ OxUnPress  = "Oxford University Press"                              }
@string{ Pergamon   = "Pergamon Press, Oxford"                               }
@string{ Springer   = "Springer, Berlin, Heidelberg and New York"	     }
@string{ Wiley      = "John Wiley, New York"                                 }
@string{ Reidel     = "Reidel, Dordrecht, Boston"                            }

@manual{Extrep,
author       = {Peter J. Cameron and Peter Dobcs\'anyi and John P. Morgan and Leonard H. Soicher}, 
title        = "The external representation of block designs (version 2.0)",
year         = "2004",
note         = "\URL{http://designtheory.org/library/extrep/}",
}

@manual{GAPDoc,
author       = {Frank L\"ubeck and Max Neunh\"offer}, 
title        = "The GAPDoc package for GAP (version 0.9999)",
year         = "2004",
note         = "\URL{http://www.math.rwth-aachen.de/~Frank.Luebeck/GAPDoc/}",
}

@manual{Nauty,
author       = "Brendan D. McKay",
title        = "The nauty package (version 2.0b5)",
year         = "1996",
note         =  "\URL{http://cs.anu.edu.au/people/bdm/nauty/}",
}

@manual{Grape,
author       = "Leonard H. Soicher",
title        = "The GRAPE package for GAP (version 4.2)",
year         = "2004",
note         =  "\URL{http://www.maths.qmul.ac.uk/~leonard/grape/}",
}

